<record><leader>00000cas a22000007a 4500</leader><controlfield tag="001">1773181</controlfield><controlfield tag="008">751101d191619uumnudn ne      0    0fin d</controlfield><datafield ind1=" " ind2=" " tag="010"><subfield code="a">sn 90059147 </subfield></datafield><datafield ind1=" " ind2=" " tag="040"><subfield code="a">MUL</subfield><subfield code="b">eng</subfield><subfield code="c">MUL</subfield><subfield code="d">OCL</subfield><subfield code="d">MN#</subfield><subfield code="d">OCLCQ</subfield><subfield code="d">OCLCF</subfield><subfield code="d">OCLCO</subfield></datafield><datafield ind1="1" ind2=" " tag="029"><subfield code="a">AU@</subfield><subfield code="b">000025877910</subfield></datafield><datafield ind1=" " ind2=" " tag="042"><subfield code="a">msc</subfield></datafield><datafield ind1=" " ind2=" " tag="043"><subfield code="a">n-us-mn</subfield></datafield><datafield ind1=" " ind2=" " tag="052"><subfield code="a">4144</subfield><subfield code="b">D9</subfield></datafield><datafield ind1=" " ind2=" " tag="052"><subfield code="a">4143</subfield><subfield code="b">S2</subfield></datafield><datafield ind1="0" ind2="0" tag="245"><subfield code="a">Teollisuustyo&#776;la&#776;inen.</subfield></datafield><datafield ind1="1" ind2="3" tag="246"><subfield code="a">Industrial worker</subfield></datafield><datafield ind1=" " ind2=" " tag="260"><subfield code="a">Duluth, Minn. :</subfield><subfield code="b">The Socialist Pub. Co.,</subfield><subfield code="c">1916-</subfield></datafield><datafield ind1=" " ind2=" " tag="300"><subfield code="a">v.</subfield></datafield><datafield ind1=" " ind2=" " tag="310"><subfield code="a">Daily (except Sun.)</subfield></datafield><datafield ind1="0" ind2=" " tag="362"><subfield code="a">3 vousik., no. 298 (20 p. jouluk. 1916)-</subfield></datafield><datafield ind1=" " ind2=" " tag="500"><subfield code="a">"The organ of the Finnish Socialists in America."</subfield></datafield><datafield ind1=" " ind2=" " tag="546"><subfield code="a">In Finnish.</subfield></datafield><datafield ind1=" " ind2="0" tag="650"><subfield code="a">Finns</subfield><subfield code="z">United States</subfield><subfield code="v">Newspapers.</subfield></datafield><datafield ind1=" " ind2="7" tag="655"><subfield code="a">Newspapers.</subfield><subfield code="2">fast</subfield><subfield code="0">(OCoLC)fst01423814</subfield></datafield><datafield ind1=" " ind2="7" tag="650"><subfield code="a">Finns.</subfield><subfield code="2">fast</subfield><subfield code="0">(OCoLC)fst00925139</subfield></datafield><datafield ind1=" " ind2="7" tag="651"><subfield code="a">United States.</subfield><subfield code="2">fast</subfield><subfield code="0">(OCoLC)fst01204155</subfield></datafield><datafield ind1=" " ind2=" " tag="752"><subfield code="a">United States</subfield><subfield code="b">Minnesota</subfield><subfield code="c">Saint Louis</subfield><subfield code="d">Duluth.</subfield></datafield><datafield ind1="0" ind2="0" tag="780"><subfield code="t">Socialisti</subfield><subfield code="w">(DLC)sn 90059146</subfield></datafield></record>